@string{ICFP   = "{ACM Int.\ Conf.\ on Functional Programming}"}
@string{PLDI   = "{ACM Int.\ Conf.\ on Programming Language Design and Implementation}"}
@string{POPL   = "{ACM Symp.\ on Principles of Programming Languages}"}
@string{TOPLAS = "{ACM Trans.\ on Programming Languages and Systems}"}
@string{TOSEM  = "{ACM Trans.\ on Software Engineering and Methodology}"}
@string{Haskell = "{ACM SIGPLAN Workshop on Haskell}"}

@inproceedings{Neubauer03:DST,
 author = {Neubauer, Matthias and Thiemann, Peter},
 title = {Discriminative sum types locate the source of type errors},
 booktitle = ICFP,
 year = {2003},
 pages = {15--26},
 numpages = {12},
 url = {http://doi.acm.org/10.1145/944705.944708},
 doi = {10.1145/944705.944708},
 acmid = {944708},
 keywords = {polymorphism, type errors, type inference},
}

@inproceedings{Neubauer04:HTB,
 author = {Neubauer, Matthias and Thiemann, Peter},
 title = {Haskell type browser},
 booktitle = {ACM SIGPLAN Workshop on Haskell},
 year = {2004},
 isbn = {1-58113-850-4},
 pages = {92--93},
 numpages = {2},
 url = {http://doi.acm.org/10.1145/1017472.1017474},
 doi = {10.1145/1017472.1017474},
 acmid = {1017474},
 keywords = {debugging, haskell, polymorphism, type errors, type inference},
}

@inproceedings{McBride12:AEP,
 author = {McBride, Conor Thomas},
 title = {Agda-curious?: an exploration of programming with dependent types},
 booktitle = ICPF,
 series = {ICFP '12},
 year = {2012},
 isbn = {978-1-4503-1054-3},
 location = {Copenhagen, Denmark},
 pages = {1--2},
 numpages = {2},
 url = {http://doi.acm.org/10.1145/2364527.2364529},
 doi = {10.1145/2364527.2364529},
 acmid = {2364529},
 publisher = {ACM},
 address = {New York, NY, USA},
 keywords = {dependent types},
}


@inproceedings{Johann08:FSP,
 author = {Johann, Patricia and Ghani, Neil},
 title = {Foundations for structured programming with GADTs},
 booktitle = OPL,
 year = {2008},
 isbn = {978-1-59593-689-9},
 pages = {297--308},
 numpages = {12},
 url = {http://doi.acm.org/10.1145/1328438.1328475},
 doi = {10.1145/1328438.1328475},
 acmid = {1328475},
 keywords = {GADTs, initial algebra semantics, program fusion},
}

@incollection{BS01,
   author =   {Baader, F. and Snyder, W.},
   title =    "{Unification Theory}",
   editor =    {Robinson, A. and Voronkov, A.},
   booktitle = "{Handbook of Automated Reasoning}",
   chapter =  8,
   publisher = {Elsevier Science Publishers},
   address =   {Amsterdam, NL},
   pages = "445--533",
   year =      2001,
}


@ARTICLE{Milner78:TTP,
    author = {Robin Milner},
    title = {A theory of type polymorphism in programming},
    journal = {Journal of Computer and System Sciences},
    year = {1978},
    volume = {17},
    pages = {348--375}
}

@article{Lee98:PAF,
 author = {Lee, Oukseh and Yi, Kwangkeun},
 title = {Proofs about a folklore let-polymorphic type inference algorithm},
 journal = TOPLAS,
 issue_date = {July 1998},
 volume = {20},
 number = {4},
 month = jul,
 year = {1998},
 issn = {0164-0925},
 pages = {707--723},
 numpages = {17},
 url = {http://doi.acm.org/10.1145/291891.291892},
 doi = {10.1145/291891.291892},
 acmid = {291892},
 keywords = {type error, type inference algorithm},
}

@TECHREPORT{Lee00:GLP,
    author = {Oukseh Lee and Kwangkeun Yi},
    title = {A Generalized Let-Polymorphic Type Inference Algorithm},
    institution = {Technical Memorandum ROPAS-2000-5, Research on Program Analysis System, Korea Advanced Institute of Science and Technology},
    year = {2000}
}

@PHDTHESIS{Mcadam98:UST,
  title={Repairing type errors in functional programs},
  author={McAdam, Bruce J},
  year={2002},
  school={University of Edinburgh. College of Science and Engineering. School of Informatics.}
}

@PHDTHESIS{McAdam02:RTE,
  author={McAdam, Bruce J},
  title =        {Reporting Type Errors in Functional Programs},
  school =       {Larboratory for Foundations of Computer Science, The University of Edinburgh},
  year =         {2002},
}


@PHDTHESIS{Damas85:TAP,
  title={Type Assignment in Programming Languages},
  author={Damas, L.M.M.},
  series={Edinburgh CST},
  url={http://books.google.com/books?id=e1cAGwAACAAJ},
  year={1985},
  publisher={Department of Computer Science, University of Edinburgh}
}

@INPROCEEDINGS{Yang00:ETE,
    author = {Jun Yang},
    title = {Explaining Type Errors by Finding the Source of a Type Conflict},
    booktitle = {Trends in Functional Programming},
    year = {2000},
    pages = {58--66},
    publisher = {Intellect Books}
}

@inproceedings{Stuckey04:ITE,
 author = {Stuckey, Peter J. and Sulzmann, Martin and Wazny, Jeremy},
 title = {Improving type error diagnosis},
 booktitle = {ACM SIGPLAN Workshop on Haskell},
 year = {2004},
 isbn = {1-58113-850-4},
 pages = {80--91},
 numpages = {12},
 url = {http://doi.acm.org/10.1145/1017472.1017486},
 doi = {10.1145/1017472.1017486},
 keywords = {Hindley/Milner, constraints, overloading, type classes, type debugging, type inference},
}

@inproceedings{Stuckey03:ITD,
 author = {Stuckey, Peter J. and Sulzmann, Martin and Wazny, Jeremy},
 title = {Interactive type debugging in Haskell},
 booktitle = {ACM SIGPLAN Workshop on Haskell},
 year = {2003},
 isbn = {1-58113-758-3},
 pages = {72--83},
 numpages = {12},
 url = {http://doi.acm.org/10.1145/871895.871903},
 doi = {10.1145/871895.871903},
 keywords = {Hindley/Milner, constraints, overloading, type classes, type debugging, type inference},
}

@inproceedings{Johnson86:MAA,
 author = {Johnson, Gregory F. and Walz, Janet A.},
 title = {A maximum-flow approach to anomaly isolation in unification-based incremental type inference},
 booktitle = POPL,
 year = {1986},
 pages = {44--57},
 numpages = {14},
 url = {http://doi.acm.org/10.1145/512644.512649},
 doi = {10.1145/512644.512649},
}

@PHDTHESIS{Wazny06:TIT,
  author =       {Jeremy Richard Wazny},
  title =        {Type inference and type error diagnosis for Hindley/Milner with extensions},
  school =       {The University of Melbourne},
  year =         {2006},
  month =        {January},
}

@TECHREPORT{Choppella95:DIT,
    author = {Venkatesh Choppella and Christopher T. Haynes},
    title = {Diagnosis of Ill-typed Programs},
    institution = {Indiana University},
    year = {1995}
}


@PHDTHESIS{Choppella02:UST,
  author =       {Venkatesh Choppella},
  title =        {Unification Source-Tracking with Application To Diagnosis of Type Inference},
  school =       {Indiana University},
  year =         {2002},
}

@article{Tip01:SAL,
 author = {Tip, F. and Dinesh, T. B.},
 title = {A slicing-based approach for locating type errors},
 journal = TOSEM,
 issue_date = {Jan. 2001},
 volume = {10},
 number = {1},
 month = jan,
 year = {2001},
 issn = {1049-331X},
 pages = {5--55},
 numpages = {51},
 url = {http://doi.acm.org/10.1145/366378.366379},
 doi = {10.1145/366378.366379},
 keywords = {abstract interpretation, program slicing, semantics-based tool generation, static semantics, type-checking},
}

@inproceedings{Haack03:TES,
 author = {Haack, Christian and Wells, J. B.},
 title = {Type error slicing in implicitly typed higher-order languages},
 booktitle = {European Symposium on Programming},
 year = {2003},
 isbn = {3-540-00886-1},
 pages = {284--301},
 numpages = {18},
}

@inproceedings{Schilling12:CFT,
  title={Constraint-Free type error slicing},
  author={Schilling, Thomas},
  booktitle={Trends in Functional Programming},
  pages={1--16},
  year={2012},
  publisher={Springer}
}

@inproceedings{Wand86:FST,
 author = {Wand, Mitchell},
 title = {Finding the source of type errors},
 booktitle = POPL,
 year = {1986},
 pages = {38--43},
 numpages = {6},
 url = {http://doi.acm.org/10.1145/512644.512648},
 doi = {10.1145/512644.512648},
}

@phdthesis{Heeren05:TQT,
   author = "Bastiaan J. Heeren",
   school = "Universiteit Utrecht, The Netherlands",
   title  = "Top Quality Type Error Messages",
   year   = "2005",
   month  = sep,
   url    = {http://www.cs.uu.nl/people/bastiaan/phdthesis},
}


@incollection{BS01,
   author =   {Baader, F. and Snyder, W.},
   title =    "{Unification Theory}",
   editor =    {Robinson, A. and Voronkov, A.},
   booktitle = "{Handbook of Automated Reasoning}",
   chapter =  8,
   publisher = {Elsevier Science Publishers},
   address =   {Amsterdam, NL},
   pages = "445--533",
   year =      2001,
}

@inproceedings{Lerner07:STM,
 author = {Lerner, B. and Flower, M. and Grossman, Dan and Chambers, Craig},
 title = {Searching for type-error messages},
 booktitle = PLDI,
 year = {2007},
 pages = {425--434},
 numpages = {10},
 url = {http://doi.acm.org/10.1145/1250734.1250783},
 doi = {10.1145/1250734.1250783},
 keywords = {error messages, objective Caml, seminal, type-checking, type-inference},
}

@inproceedings{Lerner06:SSM,
 author = {Lerner, Benjamin and Grossman, Dan and Chambers, Craig},
 title = {Seminal: searching for ML type-error messages},
 booktitle = {Workshop on ML},
 year = {2006},
 isbn = {1-59593-483-9},
 pages = {63--73},
 numpages = {11},
 url = {http://doi.acm.org/10.1145/1159876.1159887},
 doi = {10.1145/1159876.1159887},
 keywords = {error messages, objective Caml, seminal, type-checking, type-inference},
}

@inproceedings{Damas82:PTF,
 author = {Damas, Luis and Milner, Robin},
 title = {Principal type-schemes for functional programs},
 booktitle = POPL,
 year = {1982},
 isbn = {0-89791-065-6},
 pages = {207--212},
 numpages = {6},
 url = {http://doi.acm.org/10.1145/582153.582176},
 doi = {10.1145/582153.582176},
}

@article{Robinson65:MLB,
 author = {Robinson, J. A.},
 title = {A Machine-Oriented Logic Based on the Resolution Principle},
 journal = {Journal of the ACM},
 volume = {12},
 number = {1},
 month = jan,
 year = {1965},
 issn = {0004-5411},
 pages = {23--41},
 numpages = {19},
 url = {http://doi.acm.org/10.1145/321250.321253},
 doi = {10.1145/321250.321253},
}

@inproceedings{Chitil01:CET,
author = {Olaf Chitil},
title = {Compositional Explanation of Types and Algorithmic Debugging of Type Errors},
booktitle = ICFP,
month = {September},
year = {2001},
pages = {193--204},
keywords = {Hindley Milner type system},
}


@article{Kustanto10:IEM,
  title={Improving Error Messages in Type System},
  author={Kustanto, Cynthia and Kameyama, Yukiyoshi},
  journal={Information and Media Technologies},
  volume={5},
  number={4},
  pages={1241--1254},
  year={2010},
}

@INPROCEEDINGS{Yang00:ITE,
    author = {Jun Yang and Greg Michaelson and Phil Trinder and J. B. Wells},
    title = {Improved Type Error Reporting},
    booktitle = {Int.\ Workshop on Implementation of Functional Languages},
    year = {2000},
    pages = {71--86}
}

@PHDTHESIS{Yang01:IPT,
  author =       {Jun Yang},
  title =        {Improving Polymorphic Type Explanations},
  school =       {Heriot-Watt University},
  year =         {2001},
  month =        {May},
}


@article{JUNG00:VPT,
author = {Jung, Y. and Michaelson, G.},
title = {A visualisation of polymorphic type checking},
journal = {Journal of Functional Programming},
volume = {10},
issue = {01},
month = {0},
year = {2000},
issn = {1469-7653},
pages = {57--75},
numpages = {19},
doi = {null},
URL = {http://journals.cambridge.org/article_S0956796899003597},
}

@Book{ISO12:CPP,
  author =       "{ISO}",
  title =        "{ISO/IEC 14882:2011 Information technology ---
                 Programming languages --- C++}",
  pages =        "1338 (est.)",
  day =          "28",
  month =        feb,
  year =         "2012",
  NOTE =       "Work draft available at http://www.open-std.org/jtc1/sc22/wg21/docs/papers/2011/n3242.pdf",
}

@inproceedings{Smith08:JTI,
 author = {Smith, Daniel and Cartwright, Robert},
 title = {Java type inference is broken: can we fix it?},
 booktitle = {Proceedings of the 23rd ACM SIGPLAN conference on Object-oriented programming systems languages and applications},
 series = {OOPSLA '08},
 year = {2008},
 isbn = {978-1-60558-215-3},
 location = {Nashville, TN, USA},
 pages = {505--524},
 numpages = {20},
 url = {http://doi.acm.org/10.1145/1449764.1449804},
 doi = {10.1145/1449764.1449804},
 acmid = {1449804},
 publisher = {ACM},
 address = {New York, NY, USA},
 keywords = {bounded quantification, generics, intersection types, parameterized types, polymorphic methods, subtyping, type argument inference, type inference, union types, wildcards},
}

@article{Narendran97:UP,
     title = {On the Unification Problem for Cartesian Closed Categories},
     author = {Narendran, Paliath and Pfenning, Frank and Statman, Richard},
     journal = {The Journal of Symbolic Logic},
     volume = {62},
     number = {2},
     pages = {636-647},
     url = {http://www.jstor.org/stable/2275552},
     ISSN = {00224812},
     year = {1997},
     publisher = {Association for Symbolic Logic},
     copyright = {Copyright ? 1997 Association for Symbolic Logic},
    }

@inproceedings{Heeren03:HLH,
 author = {Heeren, Bastiaan and Leijen, Daan and van IJzendoorn, Arjan},
 title = {Helium, for learning Haskell},
 booktitle = {Proceedings of the 2003 ACM SIGPLAN workshop on Haskell},
 series = {Haskell '03},
 year = {2003},
 isbn = {1-58113-758-3},
 location = {Uppsala, Sweden},
 pages = {62--71},
 numpages = {10},
 url = {http://doi.acm.org/10.1145/871895.871902},
 doi = {10.1145/871895.871902},
 acmid = {871902},
 publisher = {ACM},
 address = {New York, NY, USA},
 keywords = {education, error logging, error messages, learning Haskell, type inference},
}

@TECHREPORT{Bernstein95:DTE,
    author = {Karen L. Bernstein and Eugene W. Stark},
    title = {Debugging Type Errors},
    institution = {State University of New York at Stony Brook},
    year = {1995}
}


@article{Eo04:PSH,
year={2004},
issn={0288-3635},
journal={New Generation Computing},
volume={22},
number={1},
doi={10.1007/BF03037279},
title={Proofs of a set of hybrid let-polymorphic type inference algorithms},
url={http://dx.doi.org/10.1007/BF03037279},
publisher={Springer-Verlag},
keywords={Type System; Type Inference Algorithm; Let-Polymorphism; Generalization},
author={Eo, Hyunjun and Lee, Oukseh and Yi, Kwangkeun},
pages={1-36},
language={English}
}

@INPROCEEDINGS{Duggan95:ETI,
    author = {Dominic Duggan and Frederick Bent},
    title = {Explaining Type Inference},
    booktitle = {Science of Computer Programming},
    year = {1995},
    pages = {37--83}
}


@ARTICLE{Beaven94:ETE,
    author = {Mike Beaven and Ryan Stansifer},
    title = {Explaining Type Errors in Polymorphic Languages},
    journal = {ACM Letters on Programming Languages and Systems},
    year = {1994},
    volume = {2},
    pages = {17--30}
}

@INPROCEEDINGS{Brassel04:TH,
    author = {Bernd Bra\ss{el}},
    title = {TypeHope: There is hope for your type errors},
    booktitle = {Int.\ Workshop on Implementation of Functional Languages},
    year = {2004},
}


@inproceedings{Vytiniotis12:EPD,
 author = {Vytiniotis, Dimitrios and Peyton Jones, Simon and Magalh\~{a}es, Jos{\'e} Pedro},
 title = {Equality proofs and deferred type errors: a compiler pearl},
 booktitle = {Proceedings of the 17th ACM SIGPLAN international conference on Functional programming},
 series = {ICFP '12},
 year = {2012},
 isbn = {978-1-4503-1054-3},
 pages = {341--352},
 numpages = {12},
 url = {http://doi.acm.org/10.1145/2364527.2364554},
 doi = {10.1145/2364527.2364554},
 acmid = {2364554},
 keywords = {deferred type errors, system fc, type equalities},
}

@inproceedings{Felleisen02:PCB,
 author = {Felleisen, Matthias},
 title = {From POPL to the Classroom and Back},
 booktitle = POPL,
 year = {2002},
 pages = {126--127},
}

@MISC{Heliumbp,
  author =       {J. Hage},
  title =        {Helium benchmark programs, (2002-2005)},
  howpublished = {Private communication},
}


@inproceedings{Zhang14:tgd,
  author    = {Danfeng Zhang and Andrew C. Myers},
  title     = "{Toward General Diagnosis of Static Errors}",
  year      = 2014,
  booktitle = POPL,
  pages     = {569-581},
}

@article{Chambers12:FDI,
 author = {Chambers, Christopher and Chen, Sheng and Le, Duc and Scaffidi, Christopher},
 title = {The Function, and Dysfunction, of Information Sources in Learning Functional Programming},
 journal = {J. Comput. Sci. Coll.},
 issue_date = {October 2012},
 volume = {28},
 number = {1},
 month = oct,
 year = {2012},
 pages = {220--226},
}

@article{TIRRONEN15:UBM,
author = {Tirronen,Ville and Uusi-m\"{a}kel\"{a},Samuel and Isom\"{o}tt\"{o}nen,Ville},
title = {Understanding Beginners' Mistakes with Haskell},
journal = {JFP},
volume = {25},
year = {2015},
pages = {1--31}
}

@inproceedings{Pavlinovic15:PST,
 author = {Pavlinovic, Zvonimir and King, Tim and Wies, Thomas},
 title = {Practical SMT-based Type Error Localization},
 booktitle = {ICFP},
 year = {2015},
 pages = {412--423},
}

@inproceedings{Pavlinovic14:FMT,
 author = {Pavlinovic, Zvonimir and King, Tim and Wies, Thomas},
 title = {Finding Minimum Type Error Sources},
 booktitle = {OOPSLA},
 year = {2014},
 pages = {525--542},
}

@incollection{Hage07:HTE,
year={2007},
booktitle={Implementation and Application of Functional Languages},
title={Heuristics for Type Error Discovery and Recovery},
author={Hage, Jurriaan and Heeren, Bastiaan},
pages={199-216}
}

@inproceedings{Seidel16:DWS,
 author = {Seidel, Eric L. and Jhala, Ranjit and Weimer, Westley},
 title = {Dynamic Witnesses for Static Type Errors (or, Ill-typed Programs Usually Go Wrong)},
 booktitle = {Proceedings of the 21st ACM SIGPLAN International Conference on Functional Programming},
 series = {ICFP 2016},
 year = {2016},
 isbn = {978-1-4503-4219-3},
 location = {Nara, Japan},
 pages = {228--242},
 numpages = {15},
 url = {http://doi.acm.org/10.1145/2951913.2951915},
 doi = {10.1145/2951913.2951915},
 acmid = {2951915},
 publisher = {ACM},
 address = {New York, NY, USA},
 keywords = {debugging, testing, type errors},
} 

}

@inproceedings{Zhang15:DTE,
 author = {Zhang, Danfeng and Myers, Andrew C. and Vytiniotis, Dimitrios and Peyton-Jones, Simon},
 title = {Diagnosing Type Errors with Class},
 booktitle = {ACM SIGPLAN Conference on Programming Language Design and Implementation},
 year = {2015},
 pages = {12--21},
}

@INPROCEEDINGS{Tsushima14:ECF,
  author =       {Tsushima, Kanae and Chitil, Olaf},
  title =        {Enumerating Counter-Factual Type Error Messages with an Existing Type Checker},
  booktitle =    {16th Workshop on Programming and Programming Languages},
  year =         {2014},
  series =       {PPL 2014},
}

@INPROCEEDINGS{Jones00:THH,
    author = {Mark P. Jones},
    title = {Typing Haskell in Haskell},
    booktitle = {Haskell Workshop},
    year = {1999},
}

@MASTERSTHESIS{Keeken06:AHP,
  author =       {Peter van Keeken},
  title =        {Analyzing Helium Programs Obtained Through Logging--The process of mining novice Haskell programs},
  school =       {Department of Information and Computing Sciences, Utrecht University},
  year =         {2006},
  month =        {October},
}

@incollection{Hage09:Neon,
year={2009},
booktitle={Software Language Engineering},
volume={5452},
series={Lecture Notes in Computer Science},
title={Neon: A Library for Language Usage Analysis},
author={Hage, Jurriaan and van Keeken, Peter},
pages={35-53},
}

@inproceedings{Loncaric16:PFT,
 author = {Calvin Loncaric and Satish Chandra and Cole Schlesinger and Manu Sridharan},
 title = {A Practical Framework for Type Inference Error Explanation},
 booktitle = {OOPSLA},
 year = {2016},
 pages={781-799},
}

@Inbook{Serrano16:TED,
author="Serrano, Alejandro
and Hage, Jurriaan",
editor="Thiemann, Peter",
title="Type Error Diagnosis for Embedded DSLs by Two-Stage Specialized Type Rules",
bookTitle="European Symposium on Programming",
year="2016",
publisher="Springer Berlin Heidelberg",
address="Berlin, Heidelberg",
pages="672--698",
}

@MISC{Christiansen14:Idris,
  author =       {Christiansen, D.R.},
  title =        {Reflect on Your Mistakes!. Lightweight Domain-Specific Error
Messages},
  howpublished = {Presented at TFP 2014},
  note         = "Available at \url{http://davidchristiansen.dk/drafts/error-reflection-submission.pdf}"
}

@MISC{Machkasova16:UBC,
  author =       {Elena Machkasova and Henry Fellows and Thomas Hagen and Sean Stockholm},
  title =        {Usability of beginner-oriented Clojure error messages},
  howpublished = {Presented at TFP 2016},
  note         = "Available at \url{http://wiki.science.ru.nl/tfpie/File:TFPIE16-slides-emachkasova.pdf}"
}

@InProceedings{Plociniczak14:IHC,
   affiliation = {EPFL},
   author      = {Plociniczak, Hubert and Miller, Heather and Odersky, Martin},
   documenturl = {https://infoscience.epfl.ch/record/197948/files/splash2014.pdf},
   title       = {Improving {H}uman-{C}ompiler {I}nteraction {T}hrough
                 {C}ustomizable {T}ype {F}eedback},
   unit        = {LAMP},
   year        = 2014,
   note        = {Draft paper},
}

@Inbook{Heeren05:TCD,
author="Heeren, Bastiaan and Hage, Jurriaan",
editor="Hermenegildo, Manuel V.
and Cabeza, Daniel",
title="Type Class Directives",
bookTitle="Practical Aspects of Declarative Languages: 7th International Symposium, PADL 2005, Long Beach, CA, USA, January 10-11, 2005. Proceedings",
year="2005",
publisher="Springer Berlin Heidelberg",
address="Berlin, Heidelberg",
pages="253--267",
isbn="978-3-540-30557-6",
doi="10.1007/978-3-540-30557-6_19",
url={http://dx.doi.org/10.1007/978-3-540-30557-6_19},
}

@inproceedings{Heeren03:STI,
 author = {Heeren, Bastiaan and Hage, Jurriaan and Swierstra, S. Doaitse},
 title = {Scripting the Type Inference Process},
 booktitle = {Proceedings of the Eighth ACM SIGPLAN International Conference on Functional Programming},
 series = {ICFP '03},
 year = {2003},
 isbn = {1-58113-756-7},
 location = {Uppsala, Sweden},
 pages = {3--13},
 numpages = {11},
 url = {http://doi.acm.org/10.1145/944705.944707},
 doi = {10.1145/944705.944707},
 acmid = {944707},
 publisher = {ACM},
 address = {New York, NY, USA},
 keywords = {constraints, directives, domain-specific programming, type errors, type inference},
}

@Inbook{Tsushima13:ETD,
author="Tsushima, Kanae
and Asai, Kenichi",
editor="Hinze, Ralf",
title="An Embedded Type Debugger",
bookTitle="Implementation and Application of Functional Languages: 24th International Symposium, IFL 2012, Oxford, UK, August 30 - September 1, 2012, Revised Selected Papers",
year="2013",
publisher="Springer Berlin Heidelberg",
address="Berlin, Heidelberg",
pages="190--206",
isbn="978-3-642-41582-1",
doi="10.1007/978-3-642-41582-1_12",
url={http://dx.doi.org/10.1007/978-3-642-41582-1_12},
}

@article{TSUSHIMA14:WTE,
  title={A Weighted Type-Error Slicer},
  author={Kanae  Tsushima and Kenichi Asai},
  journal={Computer Software},
  volume={31},
  number={4},
  pages={131-148},
  year={2014},
  doi={10.11309/jssst.31.4_131}
}

@article{Nieuwenhuis06:SSS,
 author = {Nieuwenhuis, Robert and Oliveras, Albert and Tinelli, Cesare},
 title = {Solving SAT and SAT Modulo Theories: From an Abstract Davis--Putnam--Logemann--Loveland Procedure to DPLL(T)},
 journal = {J. ACM},
 issue_date = {November 2006},
 volume = {53},
 number = {6},
 month = nov,
 year = {2006},
 issn = {0004-5411},
 pages = {937--977},
 numpages = {41},
 url = {http://doi.acm.org/10.1145/1217856.1217859},
 doi = {10.1145/1217856.1217859},
 acmid = {1217859},
 publisher = {ACM},
 address = {New York, NY, USA},
 keywords = {SAT solvers, Satisfiability Modulo Theories},
}

@article{Vazou14:RTH,
 author = {Vazou, Niki and Seidel, Eric L. and Jhala, Ranjit and Vytiniotis, Dimitrios and Peyton-Jones, Simon},
 title = {Refinement Types for Haskell},
 journal = {SIGPLAN Not.},
 issue_date = {September 2014},
 volume = {49},
 number = {9},
 month = aug,
 year = {2014},
 issn = {0362-1340},
 pages = {269--282},
 numpages = {14},
 url = {http://doi.acm.org/10.1145/2692915.2628161},
 doi = {10.1145/2692915.2628161},
 acmid = {2628161},
 publisher = {ACM},
 address = {New York, NY, USA},
}

@inproceedings{Isradisaikul13:REP,
 author = {Isradisaikul, Chinawat and Myers, Andrew C.},
 title = {Reconciling Exhaustive Pattern Matching with Objects},
 booktitle = {Proceedings of the 34th ACM SIGPLAN Conference on Programming Language Design and Implementation},
 series = {PLDI '13},
 year = {2013},
 isbn = {978-1-4503-2014-6},
 location = {Seattle, Washington, USA},
 pages = {343--354},
 numpages = {12},
 url = {http://doi.acm.org/10.1145/2491956.2462194},
 doi = {10.1145/2491956.2462194},
 acmid = {2462194},
 publisher = {ACM},
 address = {New York, NY, USA},
 keywords = {data abstraction, equality constructor, exhaustiveness, java, jmatch, matching specification, modal abstraction, named constructor, pattern matching, redundancy, subtyping},
}

@inproceedings{IshiiA14,
  author    = {Yuki Ishii and
               Kenichi Asai},
  title     = {Report on a User Test and Extension of a Type Debugger for Novice
               Programmers},
  booktitle = {International Workshop on Trends in Functional Programming
               in Education},
  pages     = {1--18},
  year      = {2014},
  url       = {http://dx.doi.org/10.4204/EPTCS.170.1},
  doi       = {10.4204/EPTCS.170.1},
}

@Inbook{Winant14:PTS,
author="Winant, Thomas
and Devriese, Dominique
and Piessens, Frank
and Schrijvers, Tom",
editor="Flatt, Matthew
and Guo, Hai-Feng",
title="Partial Type Signatures for Haskell",
bookTitle="Practical Aspects of Declarative Languages: 16th International Symposium, PADL 2014, San Diego, CA, USA, January 20-21, 2014. Proceedings",
year="2014",
publisher="Springer International Publishing",
address="Cham",
pages="17--32",
isbn="978-3-319-04132-2",
doi="10.1007/978-3-319-04132-2_2",
url={http://dx.doi.org/10.1007/978-3-319-04132-2_2},
}

@article{CHR,
 author = {Sneyers, Jon and Schrijvers, Tom and Demoen, Bart},
 title = {The Computational Power and Complexity of Constraint Handling Rules},
 journal = {ACM Trans. Program. Lang. Syst.},
 volume = {31},
 number = {2},
 month = feb,
 year = {2009},
 pages = {8:1--8:42},
 url = {http://doi.acm.org/10.1145/1462166.1462169},
 doi = {10.1145/1462166.1462169},
}

@article{joosten1993teaching,
	title={Teaching functional programming to first-year students},
	author={Joosten, Stef and Van Den Berg, Klaas and Van Der Hoeven, Gerrit},
	journal={Journal of Functional Programming},
	volume={3},
	number={01},
	pages={49--65},
	year={1993},
	publisher={Cambridge Univ Press}
}

@article{chakravarty2004risks,
	title={The risks and benefits of teaching purely functional programming in first year},
	author={Chakravarty, Manuel MT and Keller, Gabriele},
	journal={Journal of Functional Programming},
	volume={14},
	number={01},
	pages={113--123},
	year={2004},
	publisher={Cambridge Univ Press}
}

@article{chambers2012function,
	title={The function, and dysfunction, of information sources in learning functional programming},
	author={Chambers, Christopher and Chen, Sheng and Le, Duc and Scaffidi, Christopher},
	journal={Journal of Computing Sciences in Colleges},
	volume={28},
	number={1},
	pages={220--226},
	year={2012},
	publisher={Consortium for Computing Sciences in Colleges}
}

@article{hage2006mining,
	title={Mining for Helium},
	author={Hage, Jurriaan and Van Keeken, Peter},
	journal={Technical report UU-CS},
	number={2006-047},
	year={2006},
	publisher={Utrecht University}
}

@inproceedings{marceau2011measuring,
	title={Measuring the effectiveness of error messages designed for novice programmers},
	author={Marceau, Guillaume and Fisler, Kathi and Krishnamurthi, Shriram},
	booktitle={Proceedings of the 42nd ACM technical symposium on Computer science education},
	pages={499--504},
	year={2011},
	organization={ACM}
}

@inproceedings{marceau2011mind,
	title={Mind your language: on novices' interactions with error messages},
	author={Marceau, Guillaume and Fisler, Kathi and Krishnamurthi, Shriram},
	booktitle={Proceedings of the 10th SIGPLAN symposium on New ideas, new paradigms, and reflections on programming and software},
	pages={3--18},
	year={2011},
	organization={ACM}
}

@article{tirronen2015understanding,
	title={Understanding beginners' mistakes with Haskell},
	author={Tirronen, Ville and UUSI-M{\"A}KEL{\"A}, SAMUEL and ISOM{\"O}TT{\"O}NEN, VILLE},
	journal={Journal of Functional Programming},
	volume={25},
	pages={e11},
	year={2015},
	publisher={Cambridge Univ Press}
}

@article{jun2002explaining,
  title={Explaining polymorphic types},
  author={Jun, Yang and Michaelson, Greg and Trinder, Phil},
  journal={The Computer Journal},
  volume={45},
  number={4},
  pages={436--452},
  year={2002},
  publisher={Br Computer Soc}
}

@inproceedings{fenwick2009another,
  title={Another look at the behaviors of novice programmers},
  author={Fenwick Jr, James B and Norris, Cindy and Barry, Frank E and Rountree, Josh and Spicer, Cole J and Cheek, Scott D},
  booktitle={ACM SIGCSE Bulletin},
  volume={41},
  number={1},
  pages={296--300},
  year={2009},
  organization={ACM}
}

@inproceedings{denny2012all,
  title={All syntax errors are not equal},
  author={Denny, Paul and Luxton-Reilly, Andrew and Tempero, Ewan},
  booktitle={Proceedings of the 17th ACM annual conference on Innovation and technology in computer science education},
  pages={75--80},
  year={2012},
  organization={ACM}
}

@book{jolliffe2002principal,
  title={Principal component analysis},
  author={Jolliffe, Ian},
  year={2002},
  publisher={Wiley Online Library}
}

@book{de1978practical,
  title={A practical guide to splines},
  author={De Boor, Carl and De Boor, Carl and Math{\'e}maticien, Etats-Unis and De Boor, Carl and De Boor, Carl},
  volume={27},
  year={1978},
  publisher={Springer-Verlag New York}
}

@incollection{clack1995dys,
  title={The dys-functional student},
  author={Clack, Chris and Myers, Colin},
  booktitle={Funtional Programming Languages in Education},
  pages={289--309},
  year={1995},
  publisher={Springer}
}

@book{jones2003haskell,
  title={Haskell 98 language and libraries: the revised report},
  author={Jones, Simon Peyton},
  year={2003},
  publisher={Cambridge University Press}
}

@inproceedings{chen2014let,
  title={Let's hear both sides: On combining type-error reporting tools},
  author={Chen, Sheng and Erwig, Martin and Smeltzer, Karl},
  booktitle={2014 IEEE Symposium on Visual Languages and Human-Centric Computing (VL/HCC)},
  pages={145--152},
  year={2014},
  organization={IEEE}
}

@inproceedings{tirronen2014study,
  title={Study on difficulties and misconceptions with modern type systems},
  author={Tirronen, Ville},
  booktitle={Proceedings of the 2014 conference on Innovation \& technology in computer science education},
  pages={303--308},
  year={2014},
  organization={ACM}
}

@article{munson2016analyzing,
  title={Analyzing novice programmers' response to compiler error messages},
  author={Munson, Jonathan P and Schilling, Elizabeth A},
  journal={Journal of Computing Sciences in Colleges},
  volume={31},
  number={3},
  pages={53--61},
  year={2016},
  publisher={Consortium for Computing Sciences in Colleges}
}

@article{ishii2014report,
  title={Report on a User Test and Extension of a Type Debugger for Novice Programmers},
  author={Ishii, Yuki and Asai, Kenichi},
  journal={arXiv preprint arXiv:1412.4877},
  year={2014}
}

@inproceedings{yang2000improved,
  title={Improved type error reporting},
  author={Yang, Jun and Michaelson, Greg and Trinder, Phil and Wells, JB},
  booktitle={In Proceedings of 12th International Workshop on Implementation of Functional Languages},
  year={2000},
  organization={Citeseer}
}

@book{alexander2001market,
  title={Market models: A guide to financial data analysis},
  author={Alexander, Carol},
  year={2001},
  publisher={John Wiley \& Sons}
}

@MISC{Wu17:LUF,
  author =       {Baijun Wu and John Peter Campora and Sheng Chen},
  title =        {Learning User Friendly Type-error Messages},
  year = 2017,
  note         = "OOPSLA 2017, conditionally accepted"
}
