%FLOW: Crowdsourcing
@article{lukyanenko2014iq,
  title={The IQ of the crowd: understanding and improving information quality in structured user-generated content},
  author={Lukyanenko, Roman and Parsons, Jeffrey and Wiersma, Yolanda F},
  journal={Information Systems Research},
  volume={25},
  number={4},
  pages={669--689},
  year={2014},
  publisher={INFORMS}
}

@inproceedings{sigurdsson2016hollywood,
  title={Hollywood in homes: Crowdsourcing data collection for activity understanding},
  author={Sigurdsson, Gunnar A and Varol, G{\"u}l and Wang, Xiaolong and Farhadi, Ali and Laptev, Ivan and Gupta, Abhinav},
  booktitle={European Conference on Computer Vision},
  pages={510--526},
  year={2016},
  organization={Springer}
}

@article{russakovsky2015imagenet,
  title={Imagenet large scale visual recognition challenge},
  author={Russakovsky, Olga and Deng, Jia and Su, Hao and Krause, Jonathan and Satheesh, Sanjeev and Ma, Sean and Huang, Zhiheng and Karpathy, Andrej and Khosla, Aditya and Bernstein, Michael and others},
  journal={International Journal of Computer Vision},
  volume={115},
  number={3},
  pages={211--252},
  year={2015},
  publisher={Springer}
}

@inproceedings{kanhere2011participatory,
  title={Participatory sensing: Crowdsourcing data from mobile smartphones in urban spaces},
  author={Kanhere, Salil S},
  booktitle={12th IEEE International Conference on Mobile Data Management (MDM)},
  volume={2},
  pages={3--6},
  year={2011},
  organization={IEEE}
}

@article{litman2017turkprime,
  title={TurkPrime. com: A versatile crowdsourcing data acquisition platform for the behavioral sciences},
  author={Litman, Leib and Robinson, Jonathan and Abberbock, Tzvi},
  journal={Behavior research methods},
  volume={49},
  number={2},
  pages={433--442},
  year={2017},
  publisher={Springer}
}

@article{misra2014crowdsourcing,
  title={Crowdsourcing and its application to transportation data collection and management},
  author={Misra, Aditi and Gooze, Aaron and Watkins, Kari and Asad, Mariam and Le Dantec, Christopher},
  journal={Transportation Research Record: Journal of the Transportation Research Board},
  number={2414},
  pages={1--8},
  year={2014},
  publisher={Transportation Research Board of the National Academies}
}

@inproceedings{finin2010annotating,
  title={Annotating named entities in Twitter data with crowdsourcing},
  author={Finin, Tim and Murnane, Will and Karandikar, Anand and Keller, Nicholas and Martineau, Justin and Dredze, Mark},
  booktitle={Proceedings of the NAACL HLT 2010 Workshop on Creating Speech and Language Data with Amazon's Mechanical Turk},
  pages={80--88},
  year={2010},
  organization={Association for Computational Linguistics}
}

@inproceedings{fromreide2014crowdsourcing,
  title={Crowdsourcing and annotating NER for Twitter\# drift.},
  author={Fromreide, Hege and Hovy, Dirk and S{\o}gaard, Anders},
  booktitle={LREC},
  pages={2544--2547},
  year={2014}
}

@article{liu2012cdas,
  title={Cdas: a crowdsourcing data analytics system},
  author={Liu, Xuan and Lu, Meiyu and Ooi, Beng Chin and Shen, Yanyan and Wu, Sai and Zhang, Meihui},
  journal={Proceedings of the VLDB Endowment},
  volume={5},
  number={10},
  pages={1040--1051},
  year={2012},
  publisher={VLDB Endowment}
}

@article{alvaro2015crowdsourcing,
  title={Crowdsourcing Twitter annotations to identify first-hand experiences of prescription drug use},
  author={Alvaro, Nestor and Conway, Mike and Doan, Son and Lofi, Christoph and Overington, John and Collier, Nigel},
  journal={Journal of biomedical informatics},
  volume={58},
  pages={280--287},
  year={2015},
  publisher={Elsevier}
}

@article{haux2006health,
  title={Health information systems--past, present, future},
  author={Haux, Reinhold},
  journal={International journal of medical informatics},
  volume={75},
  number={3-4},
  pages={268--281},
  year={2006},
  publisher={Elsevier}
}

@article{ranard2014crowdsourcing,
  title={Crowdsourcingâ€”harnessing the masses to advance health and medicine, a systematic review},
  author={Ranard, Benjamin L and Ha, Yoonhee P and Meisel, Zachary F and Asch, David A and Hill, Shawndra S and Becker, Lance B and Seymour, Anne K and Merchant, Raina M},
  journal={Journal of general internal medicine},
  volume={29},
  number={1},
  pages={187--203},
  year={2014},
  publisher={Springer}
}


%FLOW: Traditional approaches
@article{crammer2006online,
  title={Online Passive-Aggressive Algorithms},
  author={Crammer, Koby and Dekel, Ofer and Keshet, Joseph and Shalev-Shwartz, Shai and Singer, Yoram},
  journal={Journal of Machine Learning Research},
  volume={7},
  number={Mar},
  pages={551--585},
  year={2006}
}

@article{rutkowski2014decision,
  title={Decision Trees for Mining Data Streams based on the Gaussian Approximation},
  author={Rutkowski, Leszek and Jaworski, Maciej and Pietruczuk, Lena and Duda, Piotr},
  journal={IEEE Transactions on Knowledge and Data Engineering},
  volume={26},
  number={1},
  pages={108--119},
  year={2014},
  publisher={IEEE}
}

@inproceedings{nguyen2017large,
  title={Large-scale Online Kernel Learning with Random Feature Reparameterization},
  author={Nguyen, Tu Dinh and Le, Trung and Bui, Hung and Phung, Dinh Q},
  booktitle={the Twenty-Sixth International Joint Conference on Artificial Intelligence},
  pages={2543--2549},
  year={2017}
}

@book{duda2012pattern,
  title={Pattern classification},
  author={Duda, Richard O and Hart, Peter E and Stork, David G},
  year={2012},
  publisher={John Wiley \& Sons}
}

% FLOW: Feature interaction:

@inproceedings{sandler2009regularized,
  title={Regularized learning with networks of features},
  author={Sandler, Ted and Blitzer, John and Talukdar, Partha P and Ungar, Lyle H},
  booktitle={Advances in neural information processing systems},
  pages={1401--1408},
  year={2009}
}

@inproceedings{yang2012feature,
  title={Feature grouping and selection over an undirected graph},
  author={Yang, Sen and Yuan, Lei and Lai, Ying-Cheng and Shen, Xiaotong and Wonka, Peter and Ye, Jieping},
  booktitle={Proceedings of the 18th ACM SIGKDD international conference on Knowledge discovery and data mining},
  pages={922--930},
  year={2012},
  organization={ACM}
}

%FLOW: Concept-drifing

@article{bifet2010moa,
  title={Moa: Massive online analysis},
  author={Bifet, Albert and Holmes, Geoff and Kirkby, Richard and Pfahringer, Bernhard},
  journal={Journal of Machine Learning Research},
  volume={11},
  number={May},
  pages={1601--1604},
  year={2010}
}

@incollection{gama2009overview,
  title={An overview on mining data streams},
  author={Gama, Jo{\~a}o and Rodrigues, Pedro Pereira},
  booktitle={Foundations of Computational, IntelligenceVolume 6},
  pages={29--45},
  year={2009},
  publisher={Springer}
}

%FLOW: Incremental feature learning
@inproceedings{zhou2012online,
  title={Online Incremental Feature Learning with Denoising Autoencoders},
  author={Zhou, Guanyu and Sohn, Kihyuk and Lee, Honglak},
  booktitle={Artificial Intelligence and Statistics},
  pages={1453--1461},
  year={2012}
}

@article{guan2001incremental,
  title={Incremental Learning with Respect to New Incoming Input Attributes},
  author={Guan, Sheng-Uei and Li, Shanchun},
  journal={Neural Processing Letters},
  volume={14},
  number={3},
  pages={241--260},
  year={2001},
  publisher={Springer}
}

@inproceedings{zhang2015towards,
  title={Towards Mining Trapezoidal Data Streams},
  author={Zhang, Qin and Zhang, Peng and Long, Guodong and Ding, Wei and Zhang, Chengqi and Wu, Xindong},
  booktitle={IEEE International Conference on Data Mining},
  pages={1111--1116},
  year={2015},
  organization={IEEE}
}

@article{zhang2016online,
  title={Online Learning from Trapezoidal Data Streams},
  author={Zhang, Qin and Zhang, Peng and Long, Guodong and Ding, Wei and Zhang, Chengqi and Wu, Xindong},
  journal={IEEE Transactions on Knowledge and Data Engineering},
  volume={28},
  number={10},
  pages={2709--2723},
  year={2016},
  publisher={IEEE}
}

%FLOW: Good References: Feature evolving

@article{abdallah2018activity,
  title={Activity Recognition with Evolving Data Streams: A Review},
  author={Abdallah, Zahraa S and Gaber, Mohamed Medhat and Srinivasan, Bala and Krishnaswamy, Shonali},
  journal={ACM Computing Surveys},
  volume={51},
  number={4},
  pages={71},
  year={2018},
  publisher={ACM}
}

@inproceedings{hou2017learning,
  title={Learning with Feature Evolvable Streams},
  author={Hou, Bo-Jian and Zhang, Lijun and Zhou, Zhi-Hua},
  booktitle={Advances in Neural Information Processing Systems},
  pages={1417--1427},
  year={2017}
}

@article{masud2013classification,
  title={Classification and Adaptive Novel Class Detection of Feature-evolving Data Streams},
  author={Masud, Mohammad M and Chen, Qing and Khan, Latifur and Aggarwal, Charu C and Gao, Jing and Han, Jiawei and Srivastava, Ashok and Oza, Nikunj C},
  journal={IEEE Transactions on Knowledge and Data Engineering},
  volume={25},
  number={7},
  pages={1484--1497},
  year={2013},
  publisher={IEEE}
}

%FLOW: Good References: Online feature selection

@article{li2017feature,
  title={Feature Selection: A Data Perspective},
  author={Li, Jundong and Cheng, Kewei and Wang, Suhang and Morstatter, Fred and Trevino, Robert P and Tang, Jiliang and Liu, Huan},
  journal={ACM Computing Surveys},
  volume={50},
  number={6},
  pages={94},
  year={2017},
  publisher={ACM}
}

@inproceedings{xu2009non,
  title={Non-monotonic Feature Selection},
  author={Xu, Zenglin and Jin, Rong and Ye, Jieping and Lyu, Michael R and King, Irwin},
  booktitle={the Twenty-Sixth Annual International Conference on Machine Learning},
  pages={1145--1152},
  year={2009},
  organization={ACM}
}

@inproceedings{zhou2005streaming,
  title={Streaming Feature Selection using Alpha-investing},
  author={Zhou, Jing and Foster, Dean and Stine, Robert and Ungar, Lyle},
  booktitle={the Eleventh ACM SIGKDD International Conference on Knowledge Discovery in Data Mining},
  pages={384--393},
  year={2005},
  organization={ACM}
}

@article{wu2013online,
  title={Online Feature Selection with Streaming Features},
  author={Wu, Xindong and Yu, Kui and Ding, Wei and Wang, Hao and Zhu, Xingquan},
  journal={IEEE Transactions on Pattern Analysis and Machine Intelligence},
  volume={35},
  number={5},
  pages={1178--1192},
  year={2013},
  publisher={IEEE}
}

%FLOW: Sparse Encoding

@inproceedings{mairal2009online,
  title={Online dictionary learning for sparse coding},
  author={Mairal, Julien and Bach, Francis and Ponce, Jean and Sapiro, Guillermo},
  booktitle={Proceedings of the 26th annual international conference on machine learning},
  pages={689--696},
  year={2009},
  organization={ACM}
}

@article{mairal2010online,
  title={Online learning for matrix factorization and sparse coding},
  author={Mairal, Julien and Bach, Francis and Ponce, Jean and Sapiro, Guillermo},
  journal={Journal of Machine Learning Research},
  volume={11},
  number={Jan},
  pages={19--60},
  year={2010}
}

%FLOW: Graph Sparse

@article{ye2012sparse,
  title={Sparse methods for biomedical data},
  author={Ye, Jieping and Liu, Jun},
  journal={ACM Sigkdd Explorations Newsletter},
  volume={14},
  number={1},
  pages={4--15},
  year={2012},
  publisher={ACM}
}

@article{zhao2016graph,
  title={Graph regularized feature selection with data reconstruction},
  author={Zhao, Zhou and He, Xiaofei and Cai, Deng and Zhang, Lijun and Ng, Wilfred and Zhuang, Yueting},
  journal={IEEE Transactions on Knowledge and Data Engineering},
  volume={28},
  number={3},
  pages={689--700},
  year={2016},
  publisher={IEEE}
}

%FLOW: Good References: Baseline model

@inproceedings{zinkevich2003online,
  title={Online Convex Programming and Generalized Infinitesimal Gradient Ascent},
  author={Zinkevich, Martin},
  booktitle={the Twentieth International Conference on Machine Learning},
  pages={928--936},
  year={2003}
}

%FLOW: Good References: Smoothed hinge loss

@article{rennie2005smooth,
  title={Smooth Hinge Classification},
  author={Rennie, Jason DM},
  journal={Proceeding of Massachusetts Institute of Technology},
  year={2005}
}

@inproceedings{rennie2005loss,
  title={Loss Functions for Preference Levels: Regression with Discrete Ordered Labels},
  author={Rennie, Jason DM and Srebro, Nathan},
  booktitle={the IJCAI multidisciplinary workshop on advances in preference handling},
  pages={180--186},
  year={2005},
  organization={Kluwer Norwell, MA}
}

%FLOW: Good References: AO
@article{bezdek2003convergence,
  title={Convergence of Alternating Optimization},
  author={Bezdek, James C and Hathaway, Richard J},
  journal={Neural, Parallel \& Scientific Computations},
  volume={11},
  number={4},
  pages={351--368},
  year={2003},
  publisher={Dynamic Publishers, Inc.}
}

@article{gunawardana2005convergence,
  title={Convergence Theorems for Generalized Alternating Minimization Procedures},
  author={Gunawardana, Asela and Byrne, William},
  journal={Journal of Machine Learning Research},
  volume={6},
  number={Dec},
  pages={2049--2073},
  year={2005}
}

%FLOW: Good References: Ensemble

@article{friedman2000additive,
  title={Additive Logistic Regression: A Statistical View of Boosting (with Discussion and A Rejoinder by the Authors)},
  author={Friedman, Jerome and Hastie, Trevor and Tibshirani, Robert and others},
  journal={The Annals of Statistics},
  volume={28},
  number={2},
  pages={337--407},
  year={2000},
  publisher={Institute of Mathematical Statistics}
}

%FLOW: Good References: MP inverse

@book{ben2003generalized,
  title={Generalized Inverses: Theory and Applications},
  author={Ben-Israel, Adi and Greville, Thomas NE},
  volume={15},
  year={2003},
  publisher={Springer Science \& Business Media}
}



%PUNCHLINE: Non-Cited

@article{gomes2014mining,
  title={Mining Recurring Concepts in a Dynamic Feature Space},
  author={Gomes, Joao Bartolo and Gaber, Mohamed Medhat and Sousa, Pedro AC and Menasalvas, Ernestina},
  journal={IEEE Transactions on neural networks and learning systems},
  volume={25},
  number={1},
  pages={95--110},
  year={2014},
  publisher={IEEE}
}

@article{slavakis2008online,
  title={Online kernel-based classification using adaptive projection algorithms},
  author={Slavakis, Konstantinos and Theodoridis, Sergios and Yamada, Isao},
  journal={IEEE Transactions on Signal Processing},
  volume={56},
  number={7},
  pages={2781--2796},
  year={2008},
  publisher={IEEE}
}

@article{kivinen2004online,
  title={Online learning with kernels},
  author={Kivinen, Jyrki and Smola, Alexander J and Williamson, Robert C},
  journal={IEEE transactions on signal processing},
  volume={52},
  number={8},
  pages={2165--2176},
  year={2004},
  publisher={IEEE}
}

@inproceedings{leite2009evolving,
  title={Evolving granular classification neural networks},
  author={Leite, Daniel F and Costa, Pyramo and Gomide, Fernando},
  booktitle={Neural Networks, 2009. IJCNN 2009. International Joint Conference on},
  pages={1736--1743},
  year={2009},
  organization={IEEE}
}

@article{zhang2015tree,
  title={E-tree: An efficient indexing structure for ensemble models on data streams},
  author={Zhang, Peng and Zhou, Chuan and Wang, Peng and Gao, Byron J and Zhu, Xingquan and Guo, Li},
  journal={IEEE Transactions on Knowledge and Data engineering},
  year={2015},
  publisher={IEEE}
}

@article{wu2014data,
  title={Data mining with big data},
  author={Wu, Xindong and Zhu, Xingquan and Wu, Gong-Qing and Ding, Wei},
  journal={IEEE transactions on knowledge and data engineering},
  volume={26},
  number={1},
  pages={97--107},
  year={2014},
  publisher={IEEE}
}

@article{yang200610,
  title={10 challenging problems in data mining research},
  author={Yang, Qiang and Wu, Xindong},
  journal={International Journal of Information Technology \& Decision Making},
  volume={5},
  number={04},
  pages={597--604},
  year={2006},
  publisher={World Scientific}
}

@article{grippo2000convergence,
  title={On the convergence of the block nonlinear Gauss--Seidel method under convex constraints},
  author={Grippo, Luigi and Sciandrone, Marco},
  journal={Operations research letters},
  volume={26},
  number={3},
  pages={127--136},
  year={2000},
  publisher={Elsevier}
}

%FLOW: Evidence for motivations

@article{harary1997dynamic,
  title={Dynamic graph models},
  author={Harary, Frank and Gupta, Gopal},
  journal={Mathematical and Computer Modelling},
  volume={25},
  number={7},
  pages={79--87},
  year={1997},
  publisher={Pergamon}
}

@book{whittaker2009graphical,
  title={Graphical models in applied multivariate statistics},
  author={Whittaker, Joe},
  year={2009},
  publisher={Wiley Publishing}
}

@article{biemann2013creating,
  title={Creating a system for lexical substitutions from scratch using crowdsourcing},
  author={Biemann, Chris},
  journal={Language Resources and Evaluation},
  volume={47},
  number={1},
  pages={97--122},
  year={2013},
  publisher={Springer}
}

@inproceedings{fayazi2015uncovering,
  title={Uncovering crowdsourced manipulation of online reviews},
  author={Fayazi, Amir and Lee, Kyumin and Caverlee, James and Squicciarini, Anna},
  booktitle={Proceedings of the 38th International ACM SIGIR Conference on Research and Development in Information Retrieval},
  pages={233--242},
  year={2015},
  organization={ACM}
}

@inproceedings{ghosh2012cognos,
  title={Cognos: crowdsourcing search for topic experts in microblogs},
  author={Ghosh, Saptarshi and Sharma, Naveen and Benevenuto, Fabricio and Ganguly, Niloy and Gummadi, Krishna},
  booktitle={Proceedings of the 35th international ACM SIGIR conference on Research and development in information retrieval},
  pages={575--590},
  year={2012},
  organization={ACM}
}

@article{xu2017crowdsourcing,
  title={Crowdsourcing based social media data analysis of urban emergency events},
  author={Xu, Zheng and Liu, Yunhuai and Xuan, Junyu and Chen, Haiyan and Mei, Lin},
  journal={Multimedia Tools and Applications},
  volume={76},
  number={9},
  pages={11567--11584},
  year={2017},
  publisher={Springer}
}
   
@inproceedings{artikis2014heterogeneous,
  title={Heterogeneous Stream Processing and Crowdsourcing for Urban Traffic Management.},
  author={Artikis, Alexander and Weidlich, Matthias and Schnitzler, Francois and Boutsis, Ioannis and Liebig, Thomas and Piatkowski, Nico and Bockermann, Christian and Morik, Katharina and Kalogeraki, Vana and Marecek, Jakub and others},
  booktitle={EDBT},
  volume={14},
  pages={712--723},
  year={2014}
}

@article{huang2018active,
  title={Active Feature Acquisition with Supervised Matrix Completion},
  author={Huang, Sheng-Jun and Xu, Miao and Xie, Ming-Kun and Sugiyama, Masashi and Niu, Gang and Chen, Songcan},
  journal={Proceedings of the 24th ACM SIGKDD Conference on Knowledge Discovery and and Data Mining (KDD 2018)},
  year={2018}
}

@article{xu2016building,
  title={Building knowledge base of urban emergency events based on crowdsourcing of social media},
  author={Xu, Zheng and Zhang, Hui and Hu, Chuanping and Mei, Lin and Xuan, Junyu and Choo, Kim-Kwang Raymond and Sugumaran, Vijayan and Zhu, Yiwei},
  journal={Concurrency and Computation: Practice and experience},
  volume={28},
  number={15},
  pages={4038--4052},
  year={2016},
  publisher={Wiley Online Library}
}

@article{wu2016smartphoto,
  title={Smartphoto: a resource-aware crowdsourcing approach for image sensing with smartphones},
  author={Wu, Yibo and Wang, Yi and Hu, Wenjie and Cao, Guohong},
  journal={IEEE Transactions on Mobile Computing},
  volume={15},
  number={5},
  pages={1249--1263},
  year={2016},
  publisher={IEEE}
}

@inproceedings{kulkarni2012collaboratively,
  title={Collaboratively crowdsourcing workflows with turkomatic},
  author={Kulkarni, Anand and Can, Matthew and Hartmann, Bj{\"o}rn},
  booktitle={Proceedings of the acm 2012 conference on computer supported cooperative work},
  pages={1003--1012},
  year={2012},
  organization={ACM}
}

@inproceedings{li2017reconstruction,
  title={Reconstruction-based unsupervised feature selection: an embedded approach},
  author={Li, Jundong and Tang, Jiliang and Liu, Huan},
  booktitle={Proceedings of the 26th International Joint Conference on Artificial Intelligence. IJCAI/AAAI},
  year={2017}
}


@article{gorski2007biconvex,
  title={Biconvex sets and optimization with biconvex functions: a survey and extensions},
  author={Gorski, Jochen and Pfeuffer, Frank and Klamroth, Kathrin},
  journal={Mathematical methods of operations research},
  volume={66},
  number={3},
  pages={373--407},
  year={2007},
  publisher={Springer}
}

@inproceedings{hoens2011heuristic,
  title={Heuristic updatable weighted random subspaces for non-stationary environments},
  author={Hoens, T Ryan and Chawla, Nitesh V and Polikar, Robi},
  booktitle={2011 11th IEEE International Conference on Data Mining},
  pages={241--250},
  year={2011},
  organization={IEEE}
}

@inproceedings{yu2003feature,
  title={Feature selection for high-dimensional data: A fast correlation-based filter solution},
  author={Yu, Lei and Liu, Huan},
  booktitle={Proceedings of the 20th international conference on machine learning (ICML-03)},
  pages={856--863},
  year={2003}
}

@inproceedings{boutsidis2008unsupervised,
  title={Unsupervised feature selection for principal components analysis},
  author={Boutsidis, Christos and Mahoney, Michael W and Drineas, Petros},
  booktitle={Proceedings of the 14th ACM SIGKDD international conference on Knowledge discovery and data mining},
  pages={61--69},
  year={2008},
  organization={ACM}
}

@inproceedings{masaeli2010convex,
  title={Convex principal feature selection},
  author={Masaeli, Mahdokht and Yan, Yan and Cui, Ying and Fung, Glenn and Dy, Jennifer G},
  booktitle={Proceedings of the 2010 SIAM International Conference on Data Mining},
  pages={619--628},
  year={2010},
  organization={SIAM}
}

@article{kaelbling1998planning,
  title={Planning and acting in partially observable stochastic domains},
  author={Kaelbling, Leslie Pack and Littman, Michael L and Cassandra, Anthony R},
  journal={Artificial intelligence},
  volume={101},
  number={1-2},
  pages={99--134},
  year={1998},
  publisher={Elsevier}
}

@inproceedings{schmill2000learning,
  title={Learning Planning Operators in Real-World, Partially Observable Environments.},
  author={Schmill, Matthew D and Oates, Tim and Cohen, Paul R},
  booktitle={AIPS},
  pages={246--253},
  year={2000}
}

@inproceedings{ege2019,
  title={Online Learning with Feature Space Adaptive Constraints},
  author={Beyazit, Ege and Alagurajah, Jeevithan and Wu, Xindong},
  booktitle={the Thirty-Third International Joint Conference on Artificial Intelligence},
  year={2019}
}

@article{gama2012survey,
  title={A survey on learning from data streams: current and future trends},
  author={Gama, Joao},
  journal={Progress in Artificial Intelligence},
  volume={1},
  number={1},
  pages={45--55},
  year={2012},
  publisher={Springer}
}

@book{gama2010knowledge,
  title={Knowledge discovery from data streams},
  author={Gama, Joao},
  year={2010},
  publisher={Chapman and Hall/CRC}
}

%FLOW: Multi-

@article{sun2013survey,
  title={A survey of multi-view machine learning},
  author={Sun, Shiliang},
  journal={Neural Computing and Applications},
  volume={23},
  number={7-8},
  pages={2031--2038},
  year={2013},
  publisher={Springer}
}

@article{pan2010survey,
  title={A survey on transfer learning},
  author={Pan, Sinno Jialin and Yang, Qiang and others},
  journal={IEEE Transactions on knowledge and data engineering},
  volume={22},
  number={10},
  pages={1345--1359},
  year={2010},
  publisher={Institute of Electrical and Electronics Engineers, Inc., 345 E. 47 th St. NY~â€¦}
}

@article{tibshirani1996regression,
  title={Regression shrinkage and selection via the lasso},
  author={Tibshirani, Robert},
  journal={Journal of the Royal Statistical Society. Series B (Methodological)},
  pages={267--288},
  year={1996},
  publisher={JSTOR}
}

@article{zou2005regularization,
  title={Regularization and variable selection via the elastic net},
  author={Zou, Hui and Hastie, Trevor},
  journal={Journal of the Royal Statistical Society: Series B (Statistical Methodology)},
  volume={67},
  number={2},
  pages={301--320},
  year={2005},
  publisher={Wiley Online Library}
}

@inproceedings{kim2006band,
  title={Band-independent mask estimation for missing-feature reconstruction in the presence of unknown background noise},
  author={Kim, Wooil and Stern, Richard M},
  booktitle={Acoustics, Speech and Signal Processing, 2006. ICASSP 2006 Proceedings. 2006 IEEE International Conference on},
  volume={1},
  pages={I--I},
  year={2006},
  organization={IEEE}
}

@article{ren2013regularized,
  title={Regularized feature reconstruction for spatio-temporal saliency detection},
  author={Ren, Zhixiang and Gao, Shenghua and Chia, Liang-Tien and Rajan, Deepu},
  journal={IEEE Transactions on Image Processing},
  volume={22},
  number={8},
  pages={3120--3132},
  year={2013},
  publisher={Institute of Electrical and Electronics Engineers, Inc., 3 Park Avenue, 17~â€¦}
}

@inproceedings{backstrom2011supervised,
  title={Supervised random walks: predicting and recommending links in social networks},
  author={Backstrom, Lars and Leskovec, Jure},
  booktitle={Proceedings of the fourth ACM international conference on Web search and data mining},
  pages={635--644},
  year={2011},
  organization={ACM}
}

@article{bilmes2010dynamic,
  title={Dynamic graphical models},
  author={Bilmes, Jeff},
  journal={IEEE Signal Processing Magazine},
  volume={27},
  number={6},
  pages={29--42},
  year={2010},
  publisher={IEEE}
}

@book{cesa2006prediction,
  title={Prediction, learning, and games},
  author={Cesa-Bianchi, Nicolo and Lugosi, G{\'a}bor},
  year={2006},
  publisher={Cambridge university press}
}


@inproceedings{li2017scene,
  title={Scene Graph Generation from Objects, Phrases and Region Captions},
  author={Li, Yikang and Ouyang, Wanli and Zhou, Bolei and Wang, Kun and Wang, Xiaogang},
  booktitle={Computer Vision (ICCV), 2017 IEEE International Conference on},
  pages={1270--1279},
  year={2017},
  organization={IEEE}
}

@article{shi2018unsupervised,
  title={Unsupervised multi-view feature extraction with dynamic graph learning},
  author={Shi, Dan and Zhu, Lei and Cheng, Zhiyong and Li, Zhihui and Zhang, Huaxiang},
  journal={Journal of Visual Communication and Image Representation},
  volume={56},
  pages={256--264},
  year={2018},
  publisher={Elsevier}
}
